@ARTICLE{eitz2012hdhso,
  author = {Eitz, Mathias and Hays, James and Alexa, Marc},
  title = {How Do Humans Sketch Objects?},
  journal = {ACM Transactions on Graphics},
  year = {2012},
  volume = {31},
  pages = {44:1--44:10},
  number = {4}
}


@INPROCEEDINGS{Sun:2012:SAH:2393347.2396429,
  author = {Sun, Zhenbang and Wang, Changhu and Zhang, Liqing and Zhang, Lei},
  title = {Sketch2Tag: automatic hand-drawn sketch recognition},
  booktitle = {ACM International Conference on Multimedia},
  year = {2012},
  pages = {1255--1256},
  acmid = {2396429},
  doi = {10.1145/2393347.2396429},
  isbn = {978-1-4503-1089-5},
  keywords = {sketch recognition, sketch-based image search},
  location = {Nara, Japan},
  numpages = {2},
  url = {http://doi.acm.org/10.1145/2393347.2396429}
}

@inproceedings{Sun:2012:QST:2393347.2393421,
 author = {Sun, Zhenbang and Wang, Changhu and Zhang, Liqing and Zhang, Lei},
 title = {Query-adaptive Shape Topic Mining for Hand-drawn Sketch Recognition},
 booktitle = {ACM International Conference on Multimedia},
 series = {MM '12},
 year = {2012},
 isbn = {978-1-4503-1089-5},
 location = {Nara, Japan},
 pages = {519--528},
 numpages = {10},
 url = {http://doi.acm.org/10.1145/2393347.2393421},
 doi = {10.1145/2393347.2393421},
 acmid = {2393421},
 publisher = {ACM},
 address = {New York, NY, USA},
 keywords = {query-adaptive shape topic model, sketch recognition, sketch-based image search},
}


@article{Berger:2013:SAP:2461912.2461964,
 author = {Berger, Itamar and Shamir, Ariel and Mahler, Moshe and Carter, Elizabeth and Hodgins, Jessica},
 title = {Style and Abstraction in Portrait Sketching},
 journal = {ACM Transactions on Graphics},
 year = {2013},
 volume = {32},
 number = {4},
 issn = {0730-0301},
 pages = {55:1--55:12},
 articleno = {55},
 numpages = {12},
 url = {http://doi.acm.org/10.1145/2461912.2461964},
 doi = {10.1145/2461912.2461964},
 acmid = {2461964}
 }

@article{Limpaecher:2013:RDA:2461912.2462016,
 author = {Limpaecher, Alex and Feltman, Nicolas and Treuille, Adrien and Cohen, Michael},
 title = {Real-time Drawing Assistance Through Crowdsourcing},
 journal = {ACM Transactions on Graphics},
 volume = {32},
 number = {4},
 year = {2013},
 issn = {0730-0301},
 pages = {54:1--54:8},
 articleno = {54},
 numpages = {8},
 url = {http://doi.acm.org/10.1145/2461912.2462016},
 doi = {10.1145/2461912.2462016},
 acmid = {2462016},
 address = {New York, NY, USA},
 keywords = {crowdsourcing, interactive drawings},
}

@article{Cole:2008:PDL:1360612.1360687,
 author = {Cole, Forrester and Golovinskiy, Aleksey and Limpaecher, Alex and Barros, Heather Stoddart and Finkelstein, Adam and Funkhouser, Thomas and Rusinkiewicz, Szymon},
 title = {Where Do People Draw Lines?},
 journal = {ACM Transactions on Graphics},
 year = {2008},
 volume = {27},
 number = {3},
 issn = {0730-0301},
 pages = {88:1--88:11},
 articleno = {88},
 numpages = {11},
 url = {http://doi.acm.org/10.1145/1360612.1360687},
 doi = {10.1145/1360612.1360687},
 acmid = {1360687},
 address = {New York, NY, USA},
}

@INPROCEEDINGS{Lu:2012:HES,
  author = {Jingwan Lu and Fisher Yu and Adam Finkelstein and Stephen DiVerdi},
  title = {HelpingHand: Example-based Stroke Stylization},
  booktitle = {ACM Transactions on Graphics},
  year = {2012},
  volume = {31},
  number = {4},
  pages = {46:1--46:10}
}

@ARTICLE{Kalogerakis:2012:mlhatching,
  author = {Evangelos Kalogerakis and Derek Nowrouzezahrai and Simon Breslav
	and Aaron Hertzmann},
  title = {Learning Hatching for Pen-and-Ink Illustration of Surfaces},
  journal = {ACM Transactions on Graphics},
  year = {2012},
  volume = {31},
  number = {1}
}


@ARTICLE{Kyprianidis:2013:TAS,
 author = {Kyprianidis, Jan Eric and Collomosse, John and Wang, Tinghuai and Isenberg, Tobias},
 title  = {State of the ‘Art’: A Taxonomy of Artistic Stylization Techniques for Images and Video},
 journal= {IEEE Transactions on Visualization and Computer Graphics},
 year   = {2013},
 volume = {19},
 number = {5},
 pages  = {866--885},
 doi    = {10.1109/TVCG.2012.160}
}


@ARTICLE{Wolfson90:0,
  author = {Haim J. Wolfson},
  title = {On curve matching},
  journal = {IEEE Transactions on Pattern Analysis and Machine Intelligence},
  year = {1990},
  volume = {12},
  pages = {483-489},
  number = {5},
  citedby = {0},
  cites = {0}
}


@article{mokhtarian1992theory,
  title={A theory of multiscale, curvature-based shape representation for planar curves},
  author={Mokhtarian, F. and Mackworth, A.K.},
  journal={IEEE Transactions on Pattern Analysis and Machine Intelligence},
  volume={14},
  number={8},
  pages={789--805},
  year={1992}
}

@INPROCEEDINGS{latecki2000shape,
  author = {Latecki, L.J. and Lakamper, R. and Eckhardt, T.},
  title = {Shape descriptors for non-rigid shapes with a single closed contour},
  booktitle = {IEEE Conference on Computer Vision and Pattern Recognition},
  year = {2000},
  volume = {1},
  pages = {424--429}
}

@inproceedings{belongie2001matching,
  title={Matching shapes},
  author={Belongie, S. and Malik, J. and Puzicha, J.},
  booktitle={IEEE International Conference on Computer Vision},
  volume={1},
  pages={454--461},
  year={2001}
}


@INPROCEEDINGS{jin2003image,
  author = {Jin, R. and Hauptmann, A.G. and Yan, R.},
  title = {Image classification using a bigram model},
  booktitle = {AAAI Spring Symposium on Intelligent Multimedia Knowledge Management},
  year = {2003}
}

@INPROCEEDINGS{berg2005shape,
  author = {Berg, A.C. and Berg, T.L. and Malik, J.},
  title = {Shape matching and object recognition using low distortion correspondences},
  booktitle = {IEEE Conference on Computer Vision and Pattern Recognition},
  year = {2005},
  volume = {1},
  pages = {26--33}
}

@ARTICLE{Mori2005,
  author = {Greg Mori and Serge Belongie and Jitendra Malik},
  title = {Efficient Shape Matching Using Shape Contexts},
  journal = {IEEE Transactions on Pattern Analysis and Machine Intelligence},
  year = {2005},
  volume = {27},
  pages = {1832-1837},
  number = {11}
}

@inproceedings{conf/cvpr/CohenH98,
  added-at = {2012-06-01T00:00:00.000+0200},
  author = {Cohen, Isaac and Herlin, Isabelle},
  biburl = {http://www.bibsonomy.org/bibtex/26e4c3b636e409f42cb548407c544c21e/dblp},
  booktitle = {IEEE Conference on Computer Vision and Pattern Recognition},
  crossref = {conf/cvpr/1998},
  ee = {http://doi.ieeecomputersociety.org/10.1109/CVPR.1998.698686},
  interhash = {c36d3109ca7e4aa1f3abd1338eaa8689},
  intrahash = {6e4c3b636e409f42cb548407c544c21e},
  isbn = {0-8186-8497-6},
  keywords = {dblp},
  pages = {741-746},
  title = {Curves Matching Using Geodesic Paths.},
  url = {http://dblp.uni-trier.de/db/conf/cvpr/cvpr1998.html#CohenH98},
  year = 1998
}

@ARTICLE{Latecki:2000:SSM:354167.354193,
  author = {Latecki, Longin Jan and Lak\"{a}mper, Rolf},
  title = {Shape Similarity Measure Based on Correspondence of Visual Parts},
  journal = {IEEE Transactions on Pattern Analysis and Machine Intelligence},
  year = {2000},
  volume = {22},
  pages = {1185--1190},
  number = {10},
  acmid = {354193},
  address = {Washington, DC, USA},
  doi = {10.1109/34.879802},
  issn = {0162-8828},
  issue_date = {October 2000},
  keywords = {Shape representation, shape similarity measure, visual parts, discrete
	curve evolution.},
  numpages = {6},
  url = {http://dx.doi.org/10.1109/34.879802}
}


@ARTICLE{Bai:2008:DRC:1361741.1361848,
  author = {Bai, Xiang and Yang, Xingwei and Latecki, Longin Jan},
  title = {Detection and recognition of contour parts based on shape similarity},
  journal = {Pattern Recognition},
  year = {2008},
  volume = {41},
  pages = {2189--2199},
  number = {7},
  acmid = {1361848},
  address = {New York, NY, USA},
  doi = {10.1016/j.patcog.2007.12.016},
  issn = {0031-3203},
  issue_date = {July, 2008},
  keywords = {Detection of contour parts, Parts of visual form, Shape similarity},
  numpages = {11},
  url = {http://dx.doi.org/10.1016/j.patcog.2007.12.016}
}


@ARTICLE{Michel:2011:SID:1994006.1994152,
  author = {Michel, Damien and Oikonomidis, Iasonas and Argyros, Antonis},
  title = {Scale invariant and deformation tolerant partial shape matching},
  journal = {Image and Vision Computing},
  year = {2011},
  volume = {29},
  pages = {459--469},
  number = {7},
  acmid = {1994152},
  address = {Newton, MA, USA},
  doi = {10.1016/j.imavis.2011.01.008},
  issn = {0262-8856},
  issue_date = {June, 2011},
  keywords = {2D shape descriptors, Dynamic programming, Partial shape matching},
  numpages = {11},
  url = {http://dx.doi.org/10.1016/j.imavis.2011.01.008}
}

@ARTICLE{ion-cviu-11,
  author = {A. Ion and N. M. Artner and G. Peyr{\'e} and W. G. Kropatsch and
	L. D. Cohen},
  title = {Matching 2D and 3D Articulated Shapes Using the Eccentricity Transform},
  journal = {Computer Vision and Image Understanding},
  year = {2011},
  volume = {115},
  pages = {817--834},
  number = {6},
  doi = {doi:10.1016/j.cviu.2011.02.006},
  gsid = {6889377486958074967},
  url = {http://hal.archives-ouvertes.fr/hal-00365019/}
}


@BOOK{Soille:2003:MIA:773286,
  title = {Morphological Image Analysis: Principles and Applications},
  publisher = {Springer-Verlag New York, Inc.},
  year = {2003},
  author = {Soille, Pierre},
  address = {Secaucus, NJ, USA},
  edition = {2},
  isbn = {3540429883}
}

@article{taubin1991estimation,
  title={Estimation of planar curves, surfaces, and nonplanar space curves defined by implicit equations with applications to edge and range image segmentation},
  author={Taubin, G.},
  journal={IEEE Transactions on Pattern Analysis and Machine Intelligence},
  volume={13},
  number={11},
  pages={1115--1138},
  year={1991}
}


@article{bookstein1979fitting,
  title={Fitting conic sections to scattered data},
  author={Bookstein, F.L.},
  journal={Computer Graphics and Image Processing},
  volume={9},
  number={1},
  pages={56--71},
  year={1979},
  publisher={Elsevier}
}

@article{zhong2007direct,
  title={Direct curvature scale space: Theory and corner detection},
  author={Zhong, B. and Liao, W.},
  journal={IEEE Transactions on Pattern Analysis and Machine Intelligence},
  volume={29},
  number={3},
  pages={508--512},
  year={2007},
  publisher={IEEE}
}

@misc{vedaldi08vlfeat,
 Author = {A. Vedaldi and B. Fulkerson},
 Title = {{VLFeat}: An Open and Portable Library of Computer Vision Algorithms},
 Year  = {2008},
 Howpublished = {\url{http://www.vlfeat.org/}
}

@InProceedings{Sivic03,
   author = "Sivic, J. and Zisserman, A.",
   title = "{Video Google}: {A} Text Retrieval Approach to Object Matching in Videos",
   booktitle = "IEEE International Conference on Computer Vision",
   volume = "2",
   pages = "1470--1477",
   year = "2003",
   URL = "http://www.robots.ox.ac.uk/~vgg",
}

@ARTICLE{Freeman03learningstyle,
    author = {William T. Freeman and Joshua B. Tenenbaum and Egon C. Pasztor},
    title = {Learning style translation for the lines of a drawing},
    journal = {ACM Transactions on Graphics},
    year = {2003},
    volume = {22},
    pages = {33--46}
}

@article{Datta:2008:IRI:1348246.1348248,
 author = {Datta, Ritendra and Joshi, Dhiraj and Li, Jia and Wang, James Z.},
 title = {Image Retrieval: Ideas, Influences, and Trends of the New Age},
 journal = {ACM Computing Surveys},
 issue_date = {April 2008},
 volume = {40},
 number = {2},
 year = {2008},
 issn = {0360-0300},
 pages = {5:1--5:60},
 articleno = {5},
 numpages = {60},
 url = {http://doi.acm.org/10.1145/1348246.1348248},
 doi = {10.1145/1348246.1348248},
 acmid = {1348248},
 address = {New York, NY, USA},
 keywords = {Content-based image retrieval, annotation, learning, modeling, tagging},
}


@ARTICLE{Chalechale05sketch-basedimage,
    author = {Abdolah Chalechale and Student Member and Golshah Naghdy and Alfred Mertins and Senior Member},
    title = {Sketch-Based Image Matching Using Angular Partitioning},
    journal = {IEEE Transactions on Systems, Man, and Cybernetics},
    year = {2005},
    volume = {35},
    pages = {28--41}
}

@ARTICLE{5674030,
author={Eitz, M. and Hildebrand, K. and Boubekeur, T. and Alexa, M.},
journal={IEEE Transactions on Visualization and Computer Graphics},
title={Sketch-Based Image Retrieval: Benchmark and Bag-of-Features Descriptors},
year={2011},
volume={17},
number={11},
pages={1624-1636},
keywords={image matching;image retrieval;visual databases;bag-of-feature descriptor;benchmark data;image database;image pair matching;large scale sketch-based image retrieval system;performance evaluation;sketch pair matching;Benchmark testing;Correlation;Humans;Image retrieval;Shape;Image/video retrieval;benchmarking.;image databases},
doi={10.1109/TVCG.2010.266},
ISSN={1077-2626},}

@inproceedings{Shrivastava:2011:DVS:2024156.2024188,
 author = {Shrivastava, Abhinav and Malisiewicz, Tomasz and Gupta, Abhinav and Efros, Alexei A.},
 title = {Data-driven Visual Similarity for Cross-domain Image Matching},
 booktitle = {SIGGRAPH Asia Conference},
 series = {SA '11},
 year = {2011},
 isbn = {978-1-4503-0807-6},
 location = {Hong Kong, China},
 pages = {154:1--154:10},
 articleno = {154},
 numpages = {10},
 url = {http://doi.acm.org/10.1145/2024156.2024188},
 doi = {10.1145/2024156.2024188},
 acmid = {2024188},
 publisher = {ACM},
 keywords = {image matching, image retrieval, paintings, re-photography, saliency, sketches, visual memex, visual similarity},
}


@article{Juola:2006:AA:1373450.1373451,
 author = {Juola, Patrick},
 title = {Authorship Attribution},
 journal = {Journal of Foundations and Trends in Information Retrieval},
 issue_date = {December 2006},
 volume = {1},
 number = {3},
 year = {2006},
 issn = {1554-0669},
 pages = {233--334},
 numpages = {102},
 url = {http://dx.doi.org/10.1561/1500000005},
 doi = {10.1561/1500000005},
 acmid = {1373451},
 address = {Hanover, MA, USA},
}


@inproceedings{Abbasi:2006:VAI:2106961.2106968,
 author = {Abbasi, Ahmed and Chen, Hsinchun},
 title = {Visualizing Authorship for Identification},
 booktitle = {IEEE International Conference on Intelligence and Security Informatics},
 year = {2006},
 isbn = {3-540-34478-0, 978-3-540-34478-0},
 location = {San Diego, CA},
 pages = {60--71},
 numpages = {12},
 url = {http://dx.doi.org/10.1007/11760146_6},
 doi = {10.1007/11760146_6},
 acmid = {2106968},
 address = {Berlin, Heidelberg},
}


@article{Samal199265,
title = "Automatic recognition and analysis of human faces and facial expressions: a survey ",
journal = "Pattern Recognition ",
volume = "25",
number = "1",
pages = "65 - 77",
year = "1992",
note = "",
issn = "0031-3203",
doi = "http://dx.doi.org/10.1016/0031-3203(92)90007-6",
url = "http://www.sciencedirect.com/science/article/pii/0031320392900076",
author = "Ashok Samal and Prasana A. Iyengar",
keywords = "Face detection",
keywords = "Face identification",
keywords = "Facial expressions",
keywords = "Classification",
keywords = "Facial features "
}

@proceedings{citeulike:1638369,
    abstract = {{Biometric recognition refers to an automatic recognition of individuals based on a feature vector (s) derived from their physiological and/or behavioral characteristic. Biometric recognition systems should provide a reliable personal recognition schemes to either confirm or determine the identity of an individual. Applications of such a system include computer systems security, secure electronic banking, mobile phones, credit cards, secure access to buildings, health and social services. By using biometrics a person could be identified based on "who she/he is" rather then "what she/he has" (card, token, key) or "what she/he knows" (password, PIN). In this paper, a brief overview of biometric methods, both unimodal and multimodal, and their advantages and disadvantages, will be presented.}},
    author = {Delac, K. and Grgic, M.},
    booktitle = {International Symposium on Electronics in Marine},
    citeulike-article-id = {1638369},
    citeulike-linkout-0 = {http://ieeexplore.ieee.org/xpls/abs\_all.jsp?arnumber=1356372},
    journal = {International Symposium on Electronics in Marine},
    pages = {184--193},
    posted-at = {2007-09-09 09:15:34},
    priority = {2},
    title = {{A survey of biometric recognition methods}},
    url = {http://ieeexplore.ieee.org/xpls/abs\_all.jsp?arnumber=1356372},
    year = {2004}
}



@article{Zhao:2003:FRL:954339.954342,
 author = {Zhao, W. and Chellappa, R. and Phillips, P. J. and Rosenfeld, A.},
 title = {Face Recognition: A Literature Survey},
 journal = {ACM Computing Surveys},
 issue_date = {December 2003},
 volume = {35},
 number = {4},
 year = {2003},
 issn = {0360-0300},
 pages = {399--458},
 numpages = {60},
 url = {http://doi.acm.org/10.1145/954339.954342},
 doi = {10.1145/954339.954342},
 acmid = {954342},
 address = {New York, NY, USA},
 keywords = {Face recognition, person identification}
}



@book{soille2003morphological,
  title={Morphological image analysis: principles and applications},
  author={Soille, P.},
  year={2003}
  }



@article{Noris:2013:TVC:2421636.2421640,
 author = {Noris, Gioacchino and Hornung, Alexander and Sumner, Robert W. and Simmons, Maryann and Gross, Markus},
 title = {Topology-driven Vectorization of Clean Line Drawings},
 journal = {ACM Transactions on Graphics},
year = {2013},
 volume = {32},
 number = {1},
 year = {2013},
 issn = {0730-0301},
 pages = {4:1--4:11},
 articleno = {4},
 numpages = {11},
 url = {http://doi.acm.org/10.1145/2421636.2421640},
 doi = {10.1145/2421636.2421640},
 acmid = {2421640},
 address = {New York, NY, USA},
}





@ARTICLE{adobe123,
  author = {ADOBE},
  title = {Illustrator},
  year = {2010},
  owner = {shaheesm},
  timestamp = {2014.01.21},
  url = {http://www.adobe.com/}
}




@inproceedings{srisurvey03,
    author = {Srihari, Sargur N. and Leedham, Graham},
    booktitle = {International Conference on Graphonomics Society},
    citeulike-article-id = {2197328},
    citeulike-linkout-0 = {http://www.ntu.edu.sg/sce/labs/forse/PDF/docExam\_7.pdf},
    journal = {Proceedings of 11th Conference International on Graphonomics Society (IGS2003)},
    keywords = {forensic, review, system, writer-id},
    pages = {278--281},
    posted-at = {2008-01-05 16:27:41},
    priority = {0},
    title = {{A survey of computer methods in forensic document examination}},
    url = {http://www.ntu.edu.sg/sce/labs/forse/PDF/docExam\_7.pdf},
    year = {2003}
}

@article{handwriting2001,
year={2001},
issn={1433-2833},
journal={International Journal on Document Analysis and Recognition},
doi={10.1007/PL00013565},
title={A computer-based system to support forensic studies on handwritten documents},
url={http://dx.doi.org/10.1007/PL00013565},
keywords={Key words: Forensic handwriting analysis – Document pre-processing – Background filter design – Genetic programming – Mathematical morphology},
author={Franke, Katrin and Köppen, Mario},
pages={218-231},
language={English}
}


@article{srihari_2002_jfs,
    author = {Srihari, Sargur N. and Cha, Sung-Hyuk and Arora, Hina and Lee, Sangjik},
    citeulike-article-id = {4320814},
    journal = {Journal of Forensic Sciences},
    keywords = {dichotomy\_transformation, document\_analysis\_and\_recognition},
    posted-at = {2009-04-15 21:08:49},
    priority = {0},
    title = {{Individuality of Handwriting}},
    year = {2002}
}

@INPROCEEDINGS{1263248,
author={Srihari, S.N. and Shi, Z.},
booktitle={International Workshop on Document Image Analysis for Libraries},
title={Forensic handwritten document retrieval system},
year={2004},
pages={188-194},
doi={10.1109/DIAL.2004.1263248}
}


@ARTICLE{4603099,
author={Impedovo, D. and Pirlo, G.},
journal={IEEE Transactions on Systems, Man, and Cybernetics},
title={Automatic Signature Verification: The State of the Art},
year={2008},
volume={38},
number={5},
pages={609-635},
keywords={handwriting recognition;Internet;automatic signature verification;bibliography;extraordinary diffusion;personal verification;Bibliographies;Biometrics;Character recognition;Fingerprint recognition;Handwriting recognition;Helium;Impedance;Internet;Security;Spatial databases;Biometry;personal verification;signature verification;system security},
doi={10.1109/TSMCC.2008.923866},
ISSN={1094-6977}
}

@article{signature2013,
year={2013},
issn={1433-2833},
journal={International Journal on Document Analysis and Recognition},
volume={16},
number={1},
doi={10.1007/s10032-011-0180-6},
title={Multi-feature extraction and selection in writer-independent off-line signature verification},
url={http://dx.doi.org/10.1007/s10032-011-0180-6},
keywords={Biometrics; Handwriting recognition; Writer-independent signature verification; Feature extraction; Feature selection; Boosting; Decision tree classification; Incremental learning},
author={Rivard, Dominique and Granger, Eric and Sabourin, Robert},
pages={83-103},
language={English}
}


@article{Kovari2013247,
title = "A study on the consistency and significance of local features in off-line signature verification ",
journal = "Pattern Recognition Letters ",
volume = "34",
number = "3",
pages = "247 - 255",
year = "2013",
note = "",
issn = "0167-8655",
doi = "http://dx.doi.org/10.1016/j.patrec.2012.10.011",
url = "http://www.sciencedirect.com/science/article/pii/S0167865512003418",
author = "Bence Kovari and Hassan Charaf",
keywords = "Off-line signature verification",
keywords = "Classification",
keywords = "Normal distribution",
keywords = "Biometrics "
}


@article{varenhorst2004passdoodles,
  title={Passdoodles: A lightweight authentication method},
  author={Varenhorst, Christopher and Kleek, MV and Rudolph, Larry},
  journal={Research Science Institute},
  year={2004}
}

@inproceedings{Govindarajulu:2007:PMU:1322192.1322233,
 author = {Govindarajulu, Naveen Sundar and Madhvanath, Sriganesh},
 title = {Password Management Using Doodles},
 booktitle = {International Conference on Multimodal Interfaces},
 series = {ICMI '07},
 year = {2007},
 isbn = {978-1-59593-817-6},
 location = {Nagoya, Aichi, Japan},
 pages = {236--239},
 numpages = {4},
 url = {http://doi.acm.org/10.1145/1322192.1322233},
 doi = {10.1145/1322192.1322233},
 acmid = {1322233},
 keywords = {doodles, password management},
}

@INPROCEEDINGS{4761233,
author={Oka, M. and Kato, K. and Yingqing Xu and Lin Liang and Fang Wen},
booktitle={International Conference on Pattern Recognition},
title={Scribble-a-Secret: Similarity-based password authentication using sketches},
year={2008},
pages={1-4},
keywords={edge detection;human computer interaction;message authentication;edge orientation extraction;free-form drawings;graphical password scheme;human computer interaction;scribble-a-secret;similarity-based password authentication;sketch-based password authentication;Application software;Asia;Authentication;Graphics;Optical character recognition software;Optical distortion;Pattern recognition;Robustness;Synthetic aperture sonar;User interfaces},
doi={10.1109/ICPR.2008.4761233},
ISSN={1051-4651}
}


@article{Renaud20091,
title = "On user involvement in production of images used in visual authentication ",
journal = "Journal of Visual Languages and Computing ",
volume = "20",
number = "1",
pages = "1 - 15",
year = "2009",
note = "",
issn = "1045-926X",
doi = "http://dx.doi.org/10.1016/j.jvlc.2008.04.001",
url = "http://www.sciencedirect.com/science/article/pii/S1045926X08000153",
author = "Karen Renaud",
keywords = "Security",
keywords = "Visual authentication",
keywords = "Image type "
}

@article{gani2010new,
  title={A new algorithm on Graphical User Authentication (GUA) based on multi-line grids},
  author={Gani, Abdullah},
  journal={Scientific Research and Essays},
  volume={5},
  number={4},
  pages={3865--3875},
  year={2010}
}

@article{abend1982human,
  title={Human arm trajectory formation.},
  author={Abend, W and Bizzi, E and Morasso, P},
  journal={Brain: a journal of neurology},
  volume={105},
  number={Pt 2},
  pages={331--348},
  year={1982}
}

@article{morasso1981spatial,
  title={Spatial control of arm movements},
  author={Morasso, Pietro},
  journal={Experimental brain research},
  volume={42},
  number={2},
  pages={223--227},
  year={1981}
}

@article{flash1985coordination,
  title={The coordination of arm movements: an experimentally confirmed mathematical model},
  author={Flash, Tamar and Hogan, Neville},
  journal={The journal of Neuroscience},
  volume={5},
  number={7},
  pages={1688--1703},
  year={1985}
}

@article{tolba2006face,
  title={Face Recognition: A Literature Review.},
  author={Tolba, AS and El-Baz, AH and El-Harby, AA},
  journal={International Journal of Signal Processing},
  volume={2},
  number={2},
  year={2006}
}


@article{li2008expandable,
  title={Expandable data-driven graphical modeling of human actions based on salient postures},
  author={Li, Wanqing and Zhang, Zhengyou and Liu, Zicheng},
  journal={Transactions on Circuits and Systems for Video Technology},
  year={2008},
  publisher={IEEE}
}

@ARTICLE{4483511,
author={Wright, J. and Yang, A.Y. and Ganesh, A. and Sastry, S.S. and Yi Ma},
journal={IEEE Transactions on Pattern Analysis and Machine Intelligence},
title={Robust Face Recognition via Sparse Representation},
year={2009},
volume={31},
number={2},
pages={210-227},
ISSN={0162-8828}
}


@article{lu2007survey,
  title={A survey of image classification methods and techniques for improving classification performance},
  author={Lu, Dengsheng and Weng, Qihao},
  journal={International journal of Remote sensing},
  volume={28},
  number={5},
  pages={823--870},
  year={2007}
}


@ARTICLE{574797,
author={Jain, A. and Zongker, D.},
journal={IEEE Transactions on Pattern Analysis and Machine Intelligence},
title={Feature selection: evaluation, application, and small sample performance},
year={1997},
volume={19},
number={2},
pages={153-158},
doi={10.1109/34.574797},
ISSN={0162-8828}
}
